@article{medoh2022future,
  title={The future of cybersecurity: a system dynamics approach},
  author={Medoh, Chuks and Telukdarie, Arnesh},
  journal={Procedia Computer Science},
  volume={200},
  pages={318--326},
  year={2022},
  publisher={Elsevier}
}
@INPROCEEDINGS{klein17,
author={R. {Klein} and T. {Celik}},
booktitle={2017 IEEE International Conference on Image Processing (ICIP)},
title={The {W}its {I}ntelligent {T}eaching {S}ystem: {D}etecting student engagement during lectures using {C}onvolutional {N}eural {N}etworks},
year={2017},
volume={},
number={},
pages={2856-2860},
doi={10.1109/ICIP.2017.8296804},
ISSN={2381-8549},
month={Sep.},
}
@article{wang2013cyber,
  title={Cyber security in the smart grid: Survey and challenges},
  author={Wang, Wenye and Lu, Zhuo},
  journal={Computer networks},
  volume={57},
  number={5},
  pages={1344--1371},
  year={2013},
  publisher={Elsevier}
}
@article{sajid2016cloud,
  title={Cloud-assisted IoT-based SCADA systems security: A review of the state of the art and future challenges},
  author={Sajid, Anam and Abbas, Haider and Saleem, Kashif},
  journal={Ieee Access},
  volume={4},
  pages={1375--1384},
  year={2016},
  publisher={IEEE}
}